@inproceedings{popl77,
  title={Abstract interpretation: a unified lattice model for static analysis of programs by construction or approximation of fixpoints},
  author={Cousot, Patrick and Cousot, Radhia},
  booktitle={Proceedings of the 4th ACM SIGACT-SIGPLAN symposium on Principles of programming languages},
  pages={238--252},
  year={1977},
  organization={ACM}
}

@article {artmc,
  author = {Bouajjani, Ahmed and Habermehl, Peter and Rogalewicz, Adam and Vojnar, Tomáš},
  title = {{Abstract Regular (Tree) Model Checking}},
  journal = {International Journal on Software Tools for Technology Transfer},
  publisher = {Springer-Verlag},
  volume = {14},
  number = {2},
  pages = {167--191},
  year = {2012}
}

@INPROCEEDINGS{atva13,
  title="Verification of Heap Manipulating Programs with Ordered Data by Extended Forest Automata",
  author="Abdulla, Parosh Aziz and Holík, Lukáš and Jonsson, Bengt and Lengál, Ondřej and Trinh, Cong Quy and Vojnar, Tomáš",
  booktitle = "Proc. of ATVA 2013",
  year="2013",
  isbn={978-3-319-02443-1},
  pages="224-239",
  volume="8172",
  year="2013",
  publisher="Springer International Publishing",
} 	

@INPROCEEDINGS{cav13,
  title="Fully Automated Shape Analysis Based on Forest Automata",
  author="Holík, Lukáš and Lengál, Ondřej and Rogalewicz, Adam and Šimáček, Jiří and Vojnar, Tomáš",
  booktitle = "Proc. of CAV 2013",
  isbn="978-3-642-39798-1",
  pages="740-755",
  volume="8044",
  year="2013",
  publisher="Springer International Publishing",
}

@INPROCEEDINGS{cav11,
  title="Forest Automata for Verification of Heap Manipulation",
  author="Habermehl, Peter and Holík, Lukáš and Rogalewicz, Adam and Šimáček, Jiří and Vojnar, Tomáš",
  booktitle = "Proc. of CAV 2011",
  isbn="978-3-642-22109-5",
  pages="424-440",
  volume="6806",
  year="2011",
  publisher="Springer Berlin Heidelberg",
}

@techreport{forester:techrep,
  author = {Habermehl, Peter and Hol{\'i}k, Lukáš and Rogalewicz, Adam and {\v S}im{\' a}{\v c}ek, Jiří and Vojnar, Tomáš},
  title = {{Forest Automata for Verification of Heap Manipulation}},
  number = {FIT-TR-2011-001},
  institution = {FIT BUT},
  year = {2011}
}

@masterthesis{mt:hruska,
  author={Hru\v{s}ka, Martin},
  title={{Verification of Pointer Programs Based on Forest Automata}},
  school={FIT BUT},
  year={2015}
}

@misc{www:forester,
	author = {Web pages of Forester},
	title = "Forester",
	year = "2012 [cit.~2016-01-28]",
	howpublished = "{\tt http://www.fit.vutbr.cz/research/\\groups/verifit/tools/forester/}",
}

@incollection{svcomp15,
	author={Holík, Lukáš and Hruška, Martin and Lengál, Ondřej and Rogalewicz, Adam and Šimáček, Jiří and Vojnar, Tomáš},
	title={Forester: Shape Analysis Using Tree Automata},
	booktitle={Tools and Algorithms for the Construction and Analysis of Systems},
	year={2015},
	isbn={978-3-662-46680-3},
	volume={9035},
	series={Lecture Notes in Computer Science},
	url={http://dx.doi.org/10.1007/978-3-662-46681-0_37},
	publisher={Springer Berlin Heidelberg},
	pages={432-435},
}

@incollection{cousot81,
   author =    {Cousot, Patrick},
   title =     {{Semantic Foundations of Program Analysis}},
   pages =     {303--342},
   editor =    {Muchnick, S.S{.} and Jones, N.D{.}},
   chapter =   10,
   booktitle = {Program Flow Analysis: Theory and Applications},
   publisher = {Prentice-Hall, Inc{.}, Englewood Cliffs, New Jersey},
   year =      1981,
}

@article{tarski,
   author = {Cousot, Patrick and Cousot, Radhia},
   title =  {{Constructive Versions of Tarski's Fixed Point Theorems}},
   journal = {Pacific Journal of Mathematics},
   volume = 81,
   number = 1,
   pages =  {43--57},
   year =   1979,
}
